%YAML 1.1
%TAG !u! tag:unity3d.com,2011:
--- !u!1 &4747721917538022876
GameObject:
  m_ObjectHideFlags: 0
  m_CorrespondingSourceObject: {fileID: 0}
  m_PrefabInstance: {fileID: 0}
  m_PrefabAsset: {fileID: 0}
  serializedVersion: 6
  m_Component:
  - component: {fileID: 6696419340224212945}
  m_Layer: 0
  m_Name: Round_monument
  m_TagString: Untagged
  m_Icon: {fileID: 0}
  m_NavMeshLayer: 0
  m_StaticEditorFlags: 0
  m_IsActive: 1
--- !u!4 &6696419340224212945
Transform:
  m_ObjectHideFlags: 0
  m_CorrespondingSourceObject: {fileID: 0}
  m_PrefabInstance: {fileID: 0}
  m_PrefabAsset: {fileID: 0}
  m_GameObject: {fileID: 4747721917538022876}
  m_LocalRotation: {x: -0.5, y: 0.5, z: 0.5, w: 0.5}
  m_LocalPosition: {x: -153.47, y: -1.5899997, z: -71.918}
  m_LocalScale: {x: 1.2791, y: 1.2791, z: 1.2791}
  m_Children:
  - {fileID: 3884756861655185532}
  - {fileID: 8314491351548751975}
  - {fileID: 8602228377300492723}
  - {fileID: 1929547761749898650}
  - {fileID: 3013898786380705808}
  - {fileID: 8384213323243319542}
  - {fileID: 2361109378550684954}
  - {fileID: 8758040560136148705}
  m_Father: {fileID: 0}
  m_RootOrder: 0
  m_LocalEulerAnglesHint: {x: 0, y: 0, z: 0}
--- !u!1001 &1929547761750290202
PrefabInstance:
  m_ObjectHideFlags: 0
  serializedVersion: 2
  m_Modification:
    m_TransformParent: {fileID: 6696419340224212945}
    m_Modifications:
    - target: {fileID: 100000, guid: a8ff2820f4263934b9b35f45f19f5513, type: 3}
      propertyPath: m_Name
      value: Round_monument_06 (2)
      objectReference: {fileID: 0}
    - target: {fileID: 400000, guid: a8ff2820f4263934b9b35f45f19f5513, type: 3}
      propertyPath: m_LocalPosition.x
      value: 5.1933093
      objectReference: {fileID: 0}
    - target: {fileID: 400000, guid: a8ff2820f4263934b9b35f45f19f5513, type: 3}
      propertyPath: m_LocalPosition.y
      value: -5.0258813
      objectReference: {fileID: 0}
    - target: {fileID: 400000, guid: a8ff2820f4263934b9b35f45f19f5513, type: 3}
      propertyPath: m_LocalPosition.z
      value: 0.03127196
      objectReference: {fileID: 0}
    - target: {fileID: 400000, guid: a8ff2820f4263934b9b35f45f19f5513, type: 3}
      propertyPath: m_LocalRotation.x
      value: -0
      objectReference: {fileID: 0}
    - target: {fileID: 400000, guid: a8ff2820f4263934b9b35f45f19f5513, type: 3}
      propertyPath: m_LocalRotation.y
      value: -0
      objectReference: {fileID: 0}
    - target: {fileID: 400000, guid: a8ff2820f4263934b9b35f45f19f5513, type: 3}
      propertyPath: m_LocalRotation.z
      value: 0.99996984
      objectReference: {fileID: 0}
    - target: {fileID: 400000, guid: a8ff2820f4263934b9b35f45f19f5513, type: 3}
      propertyPath: m_LocalRotation.w
      value: -0.0077729225
      objectReference: {fileID: 0}
    - target: {fileID: 400000, guid: a8ff2820f4263934b9b35f45f19f5513, type: 3}
      propertyPath: m_RootOrder
      value: 3
      objectReference: {fileID: 0}
    - target: {fileID: 400000, guid: a8ff2820f4263934b9b35f45f19f5513, type: 3}
      propertyPath: m_LocalEulerAnglesHint.x
      value: -90.00001
      objectReference: {fileID: 0}
    - target: {fileID: 400000, guid: a8ff2820f4263934b9b35f45f19f5513, type: 3}
      propertyPath: m_LocalEulerAnglesHint.y
      value: 0
      objectReference: {fileID: 0}
    - target: {fileID: 400000, guid: a8ff2820f4263934b9b35f45f19f5513, type: 3}
      propertyPath: m_LocalEulerAnglesHint.z
      value: 270.891
      objectReference: {fileID: 0}
    - target: {fileID: 400000, guid: a8ff2820f4263934b9b35f45f19f5513, type: 3}
      propertyPath: m_LocalScale.x
      value: 1.0494001
      objectReference: {fileID: 0}
    - target: {fileID: 400000, guid: a8ff2820f4263934b9b35f45f19f5513, type: 3}
      propertyPath: m_LocalScale.y
      value: 1.0494001
      objectReference: {fileID: 0}
    - target: {fileID: 400000, guid: a8ff2820f4263934b9b35f45f19f5513, type: 3}
      propertyPath: m_LocalScale.z
      value: 1.0494001
      objectReference: {fileID: 0}
    m_RemovedComponents: []
  m_SourcePrefab: {fileID: 100100000, guid: a8ff2820f4263934b9b35f45f19f5513, type: 3}
--- !u!4 &1929547761749898650 stripped
Transform:
  m_CorrespondingSourceObject: {fileID: 400000, guid: a8ff2820f4263934b9b35f45f19f5513,
    type: 3}
  m_PrefabInstance: {fileID: 1929547761750290202}
  m_PrefabAsset: {fileID: 0}
--- !u!1001 &2361109378550810522
PrefabInstance:
  m_ObjectHideFlags: 0
  serializedVersion: 2
  m_Modification:
    m_TransformParent: {fileID: 6696419340224212945}
    m_Modifications:
    - target: {fileID: 100000, guid: 33b69e9e6da58264da1475cc5d5fcf05, type: 3}
      propertyPath: m_Name
      value: Round_monument_04 (2)
      objectReference: {fileID: 0}
    - target: {fileID: 400000, guid: 33b69e9e6da58264da1475cc5d5fcf05, type: 3}
      propertyPath: m_LocalPosition.x
      value: 0.0007813703
      objectReference: {fileID: 0}
    - target: {fileID: 400000, guid: 33b69e9e6da58264da1475cc5d5fcf05, type: 3}
      propertyPath: m_LocalPosition.y
      value: -4.5188017
      objectReference: {fileID: 0}
    - target: {fileID: 400000, guid: 33b69e9e6da58264da1475cc5d5fcf05, type: 3}
      propertyPath: m_LocalPosition.z
      value: 0
      objectReference: {fileID: 0}
    - target: {fileID: 400000, guid: 33b69e9e6da58264da1475cc5d5fcf05, type: 3}
      propertyPath: m_LocalRotation.x
      value: -0
      objectReference: {fileID: 0}
    - target: {fileID: 400000, guid: 33b69e9e6da58264da1475cc5d5fcf05, type: 3}
      propertyPath: m_LocalRotation.y
      value: -0.0000000048894435
      objectReference: {fileID: 0}
    - target: {fileID: 400000, guid: 33b69e9e6da58264da1475cc5d5fcf05, type: 3}
      propertyPath: m_LocalRotation.z
      value: 0.7062801
      objectReference: {fileID: 0}
    - target: {fileID: 400000, guid: 33b69e9e6da58264da1475cc5d5fcf05, type: 3}
      propertyPath: m_LocalRotation.w
      value: 0.7079326
      objectReference: {fileID: 0}
    - target: {fileID: 400000, guid: 33b69e9e6da58264da1475cc5d5fcf05, type: 3}
      propertyPath: m_RootOrder
      value: 6
      objectReference: {fileID: 0}
    - target: {fileID: 400000, guid: 33b69e9e6da58264da1475cc5d5fcf05, type: 3}
      propertyPath: m_LocalEulerAnglesHint.x
      value: -90.00001
      objectReference: {fileID: 0}
    - target: {fileID: 400000, guid: 33b69e9e6da58264da1475cc5d5fcf05, type: 3}
      propertyPath: m_LocalEulerAnglesHint.y
      value: 0
      objectReference: {fileID: 0}
    - target: {fileID: 400000, guid: 33b69e9e6da58264da1475cc5d5fcf05, type: 3}
      propertyPath: m_LocalEulerAnglesHint.z
      value: 179.86601
      objectReference: {fileID: 0}
    - target: {fileID: 400000, guid: 33b69e9e6da58264da1475cc5d5fcf05, type: 3}
      propertyPath: m_LocalScale.x
      value: 1
      objectReference: {fileID: 0}
    - target: {fileID: 400000, guid: 33b69e9e6da58264da1475cc5d5fcf05, type: 3}
      propertyPath: m_LocalScale.y
      value: 1
      objectReference: {fileID: 0}
    - target: {fileID: 400000, guid: 33b69e9e6da58264da1475cc5d5fcf05, type: 3}
      propertyPath: m_LocalScale.z
      value: 1
      objectReference: {fileID: 0}
    m_RemovedComponents: []
  m_SourcePrefab: {fileID: 100100000, guid: 33b69e9e6da58264da1475cc5d5fcf05, type: 3}
--- !u!4 &2361109378550684954 stripped
Transform:
  m_CorrespondingSourceObject: {fileID: 400000, guid: 33b69e9e6da58264da1475cc5d5fcf05,
    type: 3}
  m_PrefabInstance: {fileID: 2361109378550810522}
  m_PrefabAsset: {fileID: 0}
--- !u!1001 &3013898786380835472
PrefabInstance:
  m_ObjectHideFlags: 0
  serializedVersion: 2
  m_Modification:
    m_TransformParent: {fileID: 6696419340224212945}
    m_Modifications:
    - target: {fileID: 100000, guid: a8ff2820f4263934b9b35f45f19f5513, type: 3}
      propertyPath: m_Name
      value: Round_monument_06 (3)
      objectReference: {fileID: 0}
    - target: {fileID: 400000, guid: a8ff2820f4263934b9b35f45f19f5513, type: 3}
      propertyPath: m_LocalPosition.x
      value: 5.106649
      objectReference: {fileID: 0}
    - target: {fileID: 400000, guid: a8ff2820f4263934b9b35f45f19f5513, type: 3}
      propertyPath: m_LocalPosition.y
      value: 0.6014166
      objectReference: {fileID: 0}
    - target: {fileID: 400000, guid: a8ff2820f4263934b9b35f45f19f5513, type: 3}
      propertyPath: m_LocalPosition.z
      value: 0.03127196
      objectReference: {fileID: 0}
    - target: {fileID: 400000, guid: a8ff2820f4263934b9b35f45f19f5513, type: 3}
      propertyPath: m_LocalRotation.x
      value: -0
      objectReference: {fileID: 0}
    - target: {fileID: 400000, guid: a8ff2820f4263934b9b35f45f19f5513, type: 3}
      propertyPath: m_LocalRotation.y
      value: -0
      objectReference: {fileID: 0}
    - target: {fileID: 400000, guid: a8ff2820f4263934b9b35f45f19f5513, type: 3}
      propertyPath: m_LocalRotation.z
      value: 0.7015877
      objectReference: {fileID: 0}
    - target: {fileID: 400000, guid: a8ff2820f4263934b9b35f45f19f5513, type: 3}
      propertyPath: m_LocalRotation.w
      value: -0.7125831
      objectReference: {fileID: 0}
    - target: {fileID: 400000, guid: a8ff2820f4263934b9b35f45f19f5513, type: 3}
      propertyPath: m_RootOrder
      value: 4
      objectReference: {fileID: 0}
    - target: {fileID: 400000, guid: a8ff2820f4263934b9b35f45f19f5513, type: 3}
      propertyPath: m_LocalEulerAnglesHint.x
      value: 270
      objectReference: {fileID: 0}
    - target: {fileID: 400000, guid: a8ff2820f4263934b9b35f45f19f5513, type: 3}
      propertyPath: m_LocalEulerAnglesHint.y
      value: 0
      objectReference: {fileID: 0}
    - target: {fileID: 400000, guid: a8ff2820f4263934b9b35f45f19f5513, type: 3}
      propertyPath: m_LocalEulerAnglesHint.z
      value: 0.89100003
      objectReference: {fileID: 0}
    - target: {fileID: 400000, guid: a8ff2820f4263934b9b35f45f19f5513, type: 3}
      propertyPath: m_LocalScale.x
      value: 1.0494
      objectReference: {fileID: 0}
    - target: {fileID: 400000, guid: a8ff2820f4263934b9b35f45f19f5513, type: 3}
      propertyPath: m_LocalScale.y
      value: 1.0494002
      objectReference: {fileID: 0}
    - target: {fileID: 400000, guid: a8ff2820f4263934b9b35f45f19f5513, type: 3}
      propertyPath: m_LocalScale.z
      value: 1.0494001
      objectReference: {fileID: 0}
    m_RemovedComponents: []
  m_SourcePrefab: {fileID: 100100000, guid: a8ff2820f4263934b9b35f45f19f5513, type: 3}
--- !u!4 &3013898786380705808 stripped
Transform:
  m_CorrespondingSourceObject: {fileID: 400000, guid: a8ff2820f4263934b9b35f45f19f5513,
    type: 3}
  m_PrefabInstance: {fileID: 3013898786380835472}
  m_PrefabAsset: {fileID: 0}
--- !u!1001 &3884756861654786812
PrefabInstance:
  m_ObjectHideFlags: 0
  serializedVersion: 2
  m_Modification:
    m_TransformParent: {fileID: 6696419340224212945}
    m_Modifications:
    - target: {fileID: 100000, guid: 33b69e9e6da58264da1475cc5d5fcf05, type: 3}
      propertyPath: m_Name
      value: Round_monument_04
      objectReference: {fileID: 0}
    - target: {fileID: 400000, guid: 33b69e9e6da58264da1475cc5d5fcf05, type: 3}
      propertyPath: m_LocalPosition.x
      value: 4.512551
      objectReference: {fileID: 0}
    - target: {fileID: 400000, guid: 33b69e9e6da58264da1475cc5d5fcf05, type: 3}
      propertyPath: m_LocalPosition.y
      value: 0.03126674
      objectReference: {fileID: 0}
    - target: {fileID: 400000, guid: 33b69e9e6da58264da1475cc5d5fcf05, type: 3}
      propertyPath: m_LocalPosition.z
      value: 0
      objectReference: {fileID: 0}
    - target: {fileID: 400000, guid: 33b69e9e6da58264da1475cc5d5fcf05, type: 3}
      propertyPath: m_LocalRotation.x
      value: -0
      objectReference: {fileID: 0}
    - target: {fileID: 400000, guid: 33b69e9e6da58264da1475cc5d5fcf05, type: 3}
      propertyPath: m_LocalRotation.y
      value: -0
      objectReference: {fileID: 0}
    - target: {fileID: 400000, guid: 33b69e9e6da58264da1475cc5d5fcf05, type: 3}
      propertyPath: m_LocalRotation.z
      value: -0.7071068
      objectReference: {fileID: 0}
    - target: {fileID: 400000, guid: 33b69e9e6da58264da1475cc5d5fcf05, type: 3}
      propertyPath: m_LocalRotation.w
      value: 0.7071068
      objectReference: {fileID: 0}
    - target: {fileID: 400000, guid: 33b69e9e6da58264da1475cc5d5fcf05, type: 3}
      propertyPath: m_RootOrder
      value: 0
      objectReference: {fileID: 0}
    - target: {fileID: 400000, guid: 33b69e9e6da58264da1475cc5d5fcf05, type: 3}
      propertyPath: m_LocalEulerAnglesHint.x
      value: 0
      objectReference: {fileID: 0}
    - target: {fileID: 400000, guid: 33b69e9e6da58264da1475cc5d5fcf05, type: 3}
      propertyPath: m_LocalEulerAnglesHint.y
      value: 0
      objectReference: {fileID: 0}
    - target: {fileID: 400000, guid: 33b69e9e6da58264da1475cc5d5fcf05, type: 3}
      propertyPath: m_LocalEulerAnglesHint.z
      value: 0
      objectReference: {fileID: 0}
    - target: {fileID: 400000, guid: 33b69e9e6da58264da1475cc5d5fcf05, type: 3}
      propertyPath: m_LocalScale.x
      value: 1
      objectReference: {fileID: 0}
    - target: {fileID: 400000, guid: 33b69e9e6da58264da1475cc5d5fcf05, type: 3}
      propertyPath: m_LocalScale.y
      value: 1
      objectReference: {fileID: 0}
    - target: {fileID: 400000, guid: 33b69e9e6da58264da1475cc5d5fcf05, type: 3}
      propertyPath: m_LocalScale.z
      value: 1
      objectReference: {fileID: 0}
    m_RemovedComponents: []
  m_SourcePrefab: {fileID: 100100000, guid: 33b69e9e6da58264da1475cc5d5fcf05, type: 3}
--- !u!4 &3884756861655185532 stripped
Transform:
  m_CorrespondingSourceObject: {fileID: 400000, guid: 33b69e9e6da58264da1475cc5d5fcf05,
    type: 3}
  m_PrefabInstance: {fileID: 3884756861654786812}
  m_PrefabAsset: {fileID: 0}
--- !u!1001 &8314491351548357351
PrefabInstance:
  m_ObjectHideFlags: 0
  serializedVersion: 2
  m_Modification:
    m_TransformParent: {fileID: 6696419340224212945}
    m_Modifications:
    - target: {fileID: 100000, guid: a8ff2820f4263934b9b35f45f19f5513, type: 3}
      propertyPath: m_Name
      value: Round_monument_06
      objectReference: {fileID: 0}
    - target: {fileID: 400000, guid: a8ff2820f4263934b9b35f45f19f5513, type: 3}
      propertyPath: m_LocalPosition.x
      value: -0.5222059
      objectReference: {fileID: 0}
    - target: {fileID: 400000, guid: a8ff2820f4263934b9b35f45f19f5513, type: 3}
      propertyPath: m_LocalPosition.y
      value: 0.5153704
      objectReference: {fileID: 0}
    - target: {fileID: 400000, guid: a8ff2820f4263934b9b35f45f19f5513, type: 3}
      propertyPath: m_LocalPosition.z
      value: 0.031271774
      objectReference: {fileID: 0}
    - target: {fileID: 400000, guid: a8ff2820f4263934b9b35f45f19f5513, type: 3}
      propertyPath: m_LocalRotation.x
      value: -0
      objectReference: {fileID: 0}
    - target: {fileID: 400000, guid: a8ff2820f4263934b9b35f45f19f5513, type: 3}
      propertyPath: m_LocalRotation.y
      value: -0
      objectReference: {fileID: 0}
    - target: {fileID: 400000, guid: a8ff2820f4263934b9b35f45f19f5513, type: 3}
      propertyPath: m_LocalRotation.z
      value: 0.0077729225
      objectReference: {fileID: 0}
    - target: {fileID: 400000, guid: a8ff2820f4263934b9b35f45f19f5513, type: 3}
      propertyPath: m_LocalRotation.w
      value: 0.99996984
      objectReference: {fileID: 0}
    - target: {fileID: 400000, guid: a8ff2820f4263934b9b35f45f19f5513, type: 3}
      propertyPath: m_RootOrder
      value: 1
      objectReference: {fileID: 0}
    - target: {fileID: 400000, guid: a8ff2820f4263934b9b35f45f19f5513, type: 3}
      propertyPath: m_LocalEulerAnglesHint.x
      value: -90.00001
      objectReference: {fileID: 0}
    - target: {fileID: 400000, guid: a8ff2820f4263934b9b35f45f19f5513, type: 3}
      propertyPath: m_LocalEulerAnglesHint.y
      value: 0
      objectReference: {fileID: 0}
    - target: {fileID: 400000, guid: a8ff2820f4263934b9b35f45f19f5513, type: 3}
      propertyPath: m_LocalEulerAnglesHint.z
      value: 90.89101
      objectReference: {fileID: 0}
    - target: {fileID: 400000, guid: a8ff2820f4263934b9b35f45f19f5513, type: 3}
      propertyPath: m_LocalScale.x
      value: 1.0494
      objectReference: {fileID: 0}
    - target: {fileID: 400000, guid: a8ff2820f4263934b9b35f45f19f5513, type: 3}
      propertyPath: m_LocalScale.y
      value: 1.0494
      objectReference: {fileID: 0}
    - target: {fileID: 400000, guid: a8ff2820f4263934b9b35f45f19f5513, type: 3}
      propertyPath: m_LocalScale.z
      value: 1.0494001
      objectReference: {fileID: 0}
    m_RemovedComponents: []
  m_SourcePrefab: {fileID: 100100000, guid: a8ff2820f4263934b9b35f45f19f5513, type: 3}
--- !u!4 &8314491351548751975 stripped
Transform:
  m_CorrespondingSourceObject: {fileID: 400000, guid: a8ff2820f4263934b9b35f45f19f5513,
    type: 3}
  m_PrefabInstance: {fileID: 8314491351548357351}
  m_PrefabAsset: {fileID: 0}
--- !u!1001 &8384213323243448950
PrefabInstance:
  m_ObjectHideFlags: 0
  serializedVersion: 2
  m_Modification:
    m_TransformParent: {fileID: 6696419340224212945}
    m_Modifications:
    - target: {fileID: 100000, guid: 33b69e9e6da58264da1475cc5d5fcf05, type: 3}
      propertyPath: m_Name
      value: Round_monument_04 (1)
      objectReference: {fileID: 0}
    - target: {fileID: 400000, guid: 33b69e9e6da58264da1475cc5d5fcf05, type: 3}
      propertyPath: m_LocalPosition.x
      value: 0
      objectReference: {fileID: 0}
    - target: {fileID: 400000, guid: 33b69e9e6da58264da1475cc5d5fcf05, type: 3}
      propertyPath: m_LocalPosition.y
      value: 0
      objectReference: {fileID: 0}
    - target: {fileID: 400000, guid: 33b69e9e6da58264da1475cc5d5fcf05, type: 3}
      propertyPath: m_LocalPosition.z
      value: 0
      objectReference: {fileID: 0}
    - target: {fileID: 400000, guid: 33b69e9e6da58264da1475cc5d5fcf05, type: 3}
      propertyPath: m_LocalRotation.x
      value: -0
      objectReference: {fileID: 0}
    - target: {fileID: 400000, guid: 33b69e9e6da58264da1475cc5d5fcf05, type: 3}
      propertyPath: m_LocalRotation.y
      value: -0
      objectReference: {fileID: 0}
    - target: {fileID: 400000, guid: 33b69e9e6da58264da1475cc5d5fcf05, type: 3}
      propertyPath: m_LocalRotation.z
      value: -0
      objectReference: {fileID: 0}
    - target: {fileID: 400000, guid: 33b69e9e6da58264da1475cc5d5fcf05, type: 3}
      propertyPath: m_LocalRotation.w
      value: 1
      objectReference: {fileID: 0}
    - target: {fileID: 400000, guid: 33b69e9e6da58264da1475cc5d5fcf05, type: 3}
      propertyPath: m_RootOrder
      value: 5
      objectReference: {fileID: 0}
    - target: {fileID: 400000, guid: 33b69e9e6da58264da1475cc5d5fcf05, type: 3}
      propertyPath: m_LocalEulerAnglesHint.x
      value: -90
      objectReference: {fileID: 0}
    - target: {fileID: 400000, guid: 33b69e9e6da58264da1475cc5d5fcf05, type: 3}
      propertyPath: m_LocalEulerAnglesHint.y
      value: -90
      objectReference: {fileID: 0}
    - target: {fileID: 400000, guid: 33b69e9e6da58264da1475cc5d5fcf05, type: 3}
      propertyPath: m_LocalEulerAnglesHint.z
      value: 180
      objectReference: {fileID: 0}
    - target: {fileID: 400000, guid: 33b69e9e6da58264da1475cc5d5fcf05, type: 3}
      propertyPath: m_LocalScale.x
      value: 1
      objectReference: {fileID: 0}
    - target: {fileID: 400000, guid: 33b69e9e6da58264da1475cc5d5fcf05, type: 3}
      propertyPath: m_LocalScale.y
      value: 1
      objectReference: {fileID: 0}
    - target: {fileID: 400000, guid: 33b69e9e6da58264da1475cc5d5fcf05, type: 3}
      propertyPath: m_LocalScale.z
      value: 1
      objectReference: {fileID: 0}
    m_RemovedComponents: []
  m_SourcePrefab: {fileID: 100100000, guid: 33b69e9e6da58264da1475cc5d5fcf05, type: 3}
--- !u!4 &8384213323243319542 stripped
Transform:
  m_CorrespondingSourceObject: {fileID: 400000, guid: 33b69e9e6da58264da1475cc5d5fcf05,
    type: 3}
  m_PrefabInstance: {fileID: 8384213323243448950}
  m_PrefabAsset: {fileID: 0}
--- !u!1001 &8602228377300106035
PrefabInstance:
  m_ObjectHideFlags: 0
  serializedVersion: 2
  m_Modification:
    m_TransformParent: {fileID: 6696419340224212945}
    m_Modifications:
    - target: {fileID: 100000, guid: a8ff2820f4263934b9b35f45f19f5513, type: 3}
      propertyPath: m_Name
      value: Round_monument_06 (1)
      objectReference: {fileID: 0}
    - target: {fileID: 400000, guid: a8ff2820f4263934b9b35f45f19f5513, type: 3}
      propertyPath: m_LocalPosition.x
      value: -0.43610606
      objectReference: {fileID: 0}
    - target: {fileID: 400000, guid: a8ff2820f4263934b9b35f45f19f5513, type: 3}
      propertyPath: m_LocalPosition.y
      value: -5.112369
      objectReference: {fileID: 0}
    - target: {fileID: 400000, guid: a8ff2820f4263934b9b35f45f19f5513, type: 3}
      propertyPath: m_LocalPosition.z
      value: 0.031271774
      objectReference: {fileID: 0}
    - target: {fileID: 400000, guid: a8ff2820f4263934b9b35f45f19f5513, type: 3}
      propertyPath: m_LocalRotation.x
      value: -0
      objectReference: {fileID: 0}
    - target: {fileID: 400000, guid: a8ff2820f4263934b9b35f45f19f5513, type: 3}
      propertyPath: m_LocalRotation.y
      value: 0.000000003259629
      objectReference: {fileID: 0}
    - target: {fileID: 400000, guid: a8ff2820f4263934b9b35f45f19f5513, type: 3}
      propertyPath: m_LocalRotation.z
      value: -0.7125832
      objectReference: {fileID: 0}
    - target: {fileID: 400000, guid: a8ff2820f4263934b9b35f45f19f5513, type: 3}
      propertyPath: m_LocalRotation.w
      value: -0.7015877
      objectReference: {fileID: 0}
    - target: {fileID: 400000, guid: a8ff2820f4263934b9b35f45f19f5513, type: 3}
      propertyPath: m_RootOrder
      value: 2
      objectReference: {fileID: 0}
    - target: {fileID: 400000, guid: a8ff2820f4263934b9b35f45f19f5513, type: 3}
      propertyPath: m_LocalEulerAnglesHint.x
      value: 270
      objectReference: {fileID: 0}
    - target: {fileID: 400000, guid: a8ff2820f4263934b9b35f45f19f5513, type: 3}
      propertyPath: m_LocalEulerAnglesHint.y
      value: 180
      objectReference: {fileID: 0}
    - target: {fileID: 400000, guid: a8ff2820f4263934b9b35f45f19f5513, type: 3}
      propertyPath: m_LocalEulerAnglesHint.z
      value: 0.8909912
      objectReference: {fileID: 0}
    - target: {fileID: 400000, guid: a8ff2820f4263934b9b35f45f19f5513, type: 3}
      propertyPath: m_LocalScale.x
      value: 1.0494003
      objectReference: {fileID: 0}
    - target: {fileID: 400000, guid: a8ff2820f4263934b9b35f45f19f5513, type: 3}
      propertyPath: m_LocalScale.y
      value: 1.0494003
      objectReference: {fileID: 0}
    - target: {fileID: 400000, guid: a8ff2820f4263934b9b35f45f19f5513, type: 3}
      propertyPath: m_LocalScale.z
      value: 1.0494001
      objectReference: {fileID: 0}
    m_RemovedComponents: []
  m_SourcePrefab: {fileID: 100100000, guid: a8ff2820f4263934b9b35f45f19f5513, type: 3}
--- !u!4 &8602228377300492723 stripped
Transform:
  m_CorrespondingSourceObject: {fileID: 400000, guid: a8ff2820f4263934b9b35f45f19f5513,
    type: 3}
  m_PrefabInstance: {fileID: 8602228377300106035}
  m_PrefabAsset: {fileID: 0}
--- !u!1001 &8758040560136539233
PrefabInstance:
  m_ObjectHideFlags: 0
  serializedVersion: 2
  m_Modification:
    m_TransformParent: {fileID: 6696419340224212945}
    m_Modifications:
    - target: {fileID: 100000, guid: 33b69e9e6da58264da1475cc5d5fcf05, type: 3}
      propertyPath: m_Name
      value: Round_monument_04 (3)
      objectReference: {fileID: 0}
    - target: {fileID: 400000, guid: 33b69e9e6da58264da1475cc5d5fcf05, type: 3}
      propertyPath: m_LocalPosition.x
      value: 4.5141134
      objectReference: {fileID: 0}
    - target: {fileID: 400000, guid: 33b69e9e6da58264da1475cc5d5fcf05, type: 3}
      propertyPath: m_LocalPosition.y
      value: -4.5031743
      objectReference: {fileID: 0}
    - target: {fileID: 400000, guid: 33b69e9e6da58264da1475cc5d5fcf05, type: 3}
      propertyPath: m_LocalPosition.z
      value: 0
      objectReference: {fileID: 0}
    - target: {fileID: 400000, guid: 33b69e9e6da58264da1475cc5d5fcf05, type: 3}
      propertyPath: m_LocalRotation.x
      value: -0
      objectReference: {fileID: 0}
    - target: {fileID: 400000, guid: 33b69e9e6da58264da1475cc5d5fcf05, type: 3}
      propertyPath: m_LocalRotation.y
      value: -0
      objectReference: {fileID: 0}
    - target: {fileID: 400000, guid: 33b69e9e6da58264da1475cc5d5fcf05, type: 3}
      propertyPath: m_LocalRotation.z
      value: 0.99999934
      objectReference: {fileID: 0}
    - target: {fileID: 400000, guid: 33b69e9e6da58264da1475cc5d5fcf05, type: 3}
      propertyPath: m_LocalRotation.w
      value: 0.0011681914
      objectReference: {fileID: 0}
    - target: {fileID: 400000, guid: 33b69e9e6da58264da1475cc5d5fcf05, type: 3}
      propertyPath: m_RootOrder
      value: 7
      objectReference: {fileID: 0}
    - target: {fileID: 400000, guid: 33b69e9e6da58264da1475cc5d5fcf05, type: 3}
      propertyPath: m_LocalEulerAnglesHint.x
      value: -90.00001
      objectReference: {fileID: 0}
    - target: {fileID: 400000, guid: 33b69e9e6da58264da1475cc5d5fcf05, type: 3}
      propertyPath: m_LocalEulerAnglesHint.y
      value: 0
      objectReference: {fileID: 0}
    - target: {fileID: 400000, guid: 33b69e9e6da58264da1475cc5d5fcf05, type: 3}
      propertyPath: m_LocalEulerAnglesHint.z
      value: 269.866
      objectReference: {fileID: 0}
    - target: {fileID: 400000, guid: 33b69e9e6da58264da1475cc5d5fcf05, type: 3}
      propertyPath: m_LocalScale.x
      value: 1
      objectReference: {fileID: 0}
    - target: {fileID: 400000, guid: 33b69e9e6da58264da1475cc5d5fcf05, type: 3}
      propertyPath: m_LocalScale.y
      value: 1
      objectReference: {fileID: 0}
    - target: {fileID: 400000, guid: 33b69e9e6da58264da1475cc5d5fcf05, type: 3}
      propertyPath: m_LocalScale.z
      value: 1
      objectReference: {fileID: 0}
    m_RemovedComponents: []
  m_SourcePrefab: {fileID: 100100000, guid: 33b69e9e6da58264da1475cc5d5fcf05, type: 3}
--- !u!4 &8758040560136148705 stripped
Transform:
  m_CorrespondingSourceObject: {fileID: 400000, guid: 33b69e9e6da58264da1475cc5d5fcf05,
    type: 3}
  m_PrefabInstance: {fileID: 8758040560136539233}
  m_PrefabAsset: {fileID: 0}
